@article{smith1987b,
author = "Smith, J.",
title = "Economic printing of color orthophotos",
journal = "Report KRL-01234, Kennedy Research Laboratories, Arlington, VA, USA.",
year = 1987
}

@article{maas2005,
author = "H.-G. Maas",
title = "{Akquisition von \mbox{3D-GIS} {D}aten durch {F}lugzeuglaserscanning}",
journal = "Kartographische Nachrichten",
volume = "55",
number = "1",
pages = "3--11",
year = 2005
}

@article{haala1998ohio,
author = "N. Haala and C. Brenner and K.-H. Anders",
title = "{\mbox{3D} Urban \mbox{GIS} from Laser Altimeter and \mbox{2D} Map Data}",
journal = "ISPRS Congress Commission III, Working Group 4",
volume = "32",
number = "3/1",
pages = "339-�346",
year = 1998
}

@article{haala1997,
author = "N. Haala and C. Brenner",
title = "Generation of \mbox{3D} city models from airborne laser scanning data",
journal = "EARSEL Workshop on LIDAR remote sensing of land and sea",
pages = "105-�112",
year =1997
}
